@Book{knuth:84,
  author = 	 {Donald E. Knuth},
  title = 	 {The {\TeX} Book},
  publisher = 	 {Addison-Wesley},
  year = 	 {1984},
  edition = 	 {15th}
}

@InCollection{boulic:91,
  author = 	 {R. Boulic and O. Renault},
  title = 	 {3D Hierarchies for Animation},
  booktitle = 	 {New Trends in Animation and Visualization},
  publisher =    {John Wiley {\&} Sons ltd.},
  year = 	 {1991},
  editor = 	 {Nadia Magnenat-Thalmann and Daniel Thalmann}
}

@InCollection{smith:99,
  author = 	 {A. Smith and B. Jones},
  title = 	 {On the Complexity of Computing},
  booktitle = 	 {Advances in Computer Science},
  pages = 	 {555--566},
  publisher =    {Publishing Press},
  year = 	 {1999},
  editor = 	 {A. B. Smith-Jones}
}

@inproceedings{banavar2015watson,
  title={Watson and the era of cognitive computing},
  author={Banavar, Guruduth S},
  booktitle={Pervasive Computing and Communications (PerCom), 2015 IEEE International Conference on},
  pages={95--95},
  year={2015},
  organization={IEEE}
}

@Misc{ibm2015,
	Author = {Chandrasekaran, S. and DiMascio, C},
	Title = {IBM developeWorks - Introduciendo IBM Watson.},
	Url = {http://www.ibm.com/developerworks/ssa/cloud/library/cl-watson-films-bluemix-app/Index.html},
	note={\url{http://www.ibm.com/developerworks/ssa/cloud/library/cl-watson-films-bluemix-app/Index.html} recuperado el 10/03/2016},
	Urldate = {2016},
	Year = {2016},
	timestamp={2016.03.10}
}

@Misc{watson2016,
	Author = {IBM},
	Title = {What is Watson.},
	Url = {http://www.ibm.com/developerworks/ssa/cloud/library/cl-watson-films-bluemix-app/Index.html},
	note={\url{http://www.ibm.com/smarterplanet/us/en/ibmwatson/what-is-watson.html} recuperado el 10/03/2016},
	Urldate = {2016},
	Year = {2016},
	timestamp={2016.03.10}
}